1988 3360
39 151 126 257 '⁴8
332 156 655 280 latores

100 344 328 420 humaniores
359 343 496 432 literae,
542 348 733 444 omnisque
764 341 910 419 solidior

101 445 288 542 cognitio,
313 445 395 544 post
411 446 611 519 cimmerius
638 457 695 517 t'ot
710 441 911 517 seculorum

101 542 290 634 tenebras,
317 546 353 616 in
364 542 558 615 Germania
570 560 757 657 coeperant
772 564 792 613 e
807 538 910 612 favil-

1 650 2 658 ’
102 637 145 714 lis
167 662 379 735 erumpere,
403 639 441 713 δε
455 637 557 713 brevi
570 663 636 740 per
653 640 837 734 lauropam
862 638 911 709 in·

105 759 200 840 gens
218 738 340 811 lumen
360 738 378 807 l
399 759 535 834 argere.
591 736 707 847 Cujus
730 735 911 813 felicitatis

130 835 287 931 raecipua
320 835 356 905 in
391 853 552 908 tumenta
581 833 754 907 divinitus
785 829 911 925 milla,

154 928 909 1025 unaucnruoumurmtaus,hiccoe'·

107 1028 235 1102 lestem
251 1026 471 1120 dostrinam,
504 1028 565 1101 ille
584 1027 767 1125 profanam
789 1026 910 1100 erudi·

20 1148 27 1163 ’
109 1124 271 1218 tionem,
304 1150 324 1200 a
351 1124 458 1199 foedis
484 1125 683 1217 erroribus,
710 1125 748 1200 bt
765 1118 911 1232 puerili.

102 1220 174 1303 bus
203 1221 492 1297 scholasticorum
518 1223 663 1321 ineptiis
693 1222 910 1321 repurgate·

104 1339 195 1399 rant.
246 1320 391 1419 Regem
407 1318 911 1421 itaqueaeremamemoriadi·

101 1438 245 1586 gnum,
270 1420 331 1514 qui
347 1417 467 1490 literas
488 1415 591 1515 ipset
606 1440 719 1516 puero
737 1414 854 1514 probe
873 1440 909 1507 e·

128 1512 248 1606 ortus,
275 1516 669 1589 harumcomurercium
684 1512 909 1589 cumduum·

101 1611 188 1684 viris
202 1611 295 1705 istis,
310 1612 510 1686 diademate
525 1610 688 1711 fulgens,
714 1609 840 1709 saepius
848 1636 909 1687 ex·

101 1710 238 1805 arcuit,
260 1708 520 1786 bibliothecam
542 1712 586 1784 ad
608 1712 775 1808 proprios
800 1708 907 1801 usus,

103 1830 304 1909 quanquam
320 1808 425 1914 hujus
441 1808 478 1887 in
498 1808 681 1884 annalibus
696 1806 792 1900 nulla
808 1828 905 1880 men·

103 1906 157 1979 tio
172 1901 236 1996 fit,
257 1906 392 2004 quippe
410 1906 526 1983 tenuis
541 1906 667 1997 initio,
695 1906 732 1978 bc
749 1904 903 2002 Regias,

104 2001 224 2100 quales
238 2025 333 2077 nunc
351 2005 512 2077 literatus
529 2002 625 2076 orbis
649 2000 817 2091 miratur,
844 2024 905 2075 uo·

103 2116 184 2177 men
194 2101 255 2170 vix
264 2104 411 2189 tuentis,
427 2096 906 2192 fibieomparalle,nullidu·

101 2192 906 2292 bitamus.l'oteratutiqueGaounrusNora·

105 2314 304 2385 manuus,
353 2294 450 2394 frugi
486 2290 748 2385 Confiliarius,
809 2308 906 2391 parta

25 2390 27 2394 '
104 2414 189 2465 cum
204 2388 353 2469 eruditis
368 2390 572 2468 Germania
592 2388 853 2488 familiaritate,
873 2390 906 2463 &

104 2488 352 2586 optimonnn,
375 2492 532 2591 quitum
550 2490 704 2562 maxime
714 2491 811 2586 typis
826 2488 905 2563 ede·

104 2583 258 2680 bantur,
284 2586 459 2663 librorum
478 2586 632 2679 notitia,
655 2587 690 2659 ei
706 2582 907 2659 collobioal

70 2700 72 2705 ·
110 2684 239 2776 utilem
254 2683 443 2783 praebuill'e
461 2707 622 2782 operam.
676 2683 811 2779 Neque
826 2680 908 2757 reti·

104 2780 258 2855 cendum
275 2784 399 2877 ingens
412 2780 669 2873 commodum,
693 2780 789 2877 quod
804 2780 846 2854 ad
857 2782 907 2853 ia·

88 2872 284 2985 ,llruendas
308 2878 555 2957 Bibliothecas
567 2903 587 2954 a
600 2896 796 2979 propagata
810 2879 910 2952 latiur

817 2973 912 3049 bilae
