1988 3360
128 205 172 258 22
383 181 440 271 ll<
490 183 599 278 l0(
649 181 708 267 ru

131 296 270 383 Mnus,
296 297 375 393 post
392 298 781 394 futaJOHANNlS,
809 300 939 370 meruit

92 487 94 490 Ι
130 397 409 488 CAROLUS,
435 397 599 494 ereptum
625 398 733 470 decus
752 399 821 469 illis
838 395 939 468 relli-

131 494 289 586 tuendo,
314 497 410 591 quod
431 495 542 593 ipsum
570 495 699 569 Clesus
723 495 872 591 Regni,
907 496 941 566 in

130 592 300 683 nationali
309 592 566 665 Conciliounni
585 615 692 688 1593,
706 595 823 686 ampla
839 589 942 664 coni·

130 686 382 782 uenditione,
410 689 499 762 haud
514 700 613 788 aegre
635 691 679 762 ab
695 690 757 762 illo
769 690 939 781 impetra·

127 786 196 858 vit.
227 784 339 860 Conf.
361 787 578 862 Articulosa
602 800 663 880 48.
681 787 721 858 ad
735 798 791 881 56.
809 787 940 868 inclin

126 881 323 957 ‘Post'ulatis
338 884 448 961 Cleri.
482 878 667 983 ⁴Ejusdem
685 880 940 957 beneficentio

132 979 209 1054 suni
227 981 425 1076 Principis,
453 983 589 1074 Ducis,
625 981 807 1056 ueletiam
824 981 885 1054 Re
914 974 941 1052 is

129 1078 265 1169 cunti,
306 1103 389 1154 cusa
404 1079 633 1154 restauratum
658 1081 783 1178 Regni
808 1005 939 1152 Areli-

130 1199 238 1268 vum,
278 1175 554 1250 cuiP1·aefe&os
580 1177 789 1266 industrios,
823 1175 864 1250 &
888 1177 941 1250 lo·

132 1297 214 1346 cum
232 1275 465 1348 commodum
483 1278 518 1347 in
541 1274 714 1372 penetrali
735 1274 825 1346 arcis
844 1274 940 1352 Hol·

126 1368 287 1462 nocuus,
314 1397 353 1445 ca
384 1370 430 1443 las
450 1373 559 1464 item,
583 1374 620 1446 &
637 1373 857 1467 reperieris,
879 1371 939 1445 nd·

348 1396 489 1541 laudat
504 1472 583 1543 baec
600 1472 718 1544 omnia
736 1468 941 1568 Polyhistor

129 1563 326 1640 Tutunus
344 1565 380 1638 in
395 1566 444 1640 V.
463 1568 504 1638 Ρ.
520 1592 555 1734 p.
575 1590 632 1663 27.
655 1564 877 1644 Peculiarem
896 1567 939 1640 li·

133 1466 298 1565 fignavlt,

128 1664 297 1736 'serarium
332 1661 515 1759 supelleui
532 1690 588 1738 em
613 1662 854 1764 Strengneliae
880 1664 939 1738 ha·

123 1757 211 1832 buit
229 1757 317 1834 Dux
337 1762 453 1836 adhuc
468 1762 756 1853 Sudcrmanuiae,
784 1761 939 1858 cujusli-

130 1855 237 1944 brutn
260 1857 430 1955 conspexi
446 1861 639 1936 initialibus
659 1860 769 1933 literis
792 1859 940 1961 infigni·

140 1973 218 2027 tum
238 1954 283 2032 C.
303 1956 353 2036 D.
374 1957 411 2030 S.
486 2009 488 2013 -

228 2054 341 2148 Atqui
358 2074 487 2149 ustam
504 2051 670 2131 sollicitas
696 2052 938 2128 Bibliothecis

137 2148 262 2240 patriae
279 2149 433 2246 publicis
456 2176 556 2226 curas
577 2151 784 2245 impendere
807 2173 937 2248 potue·

129 2245 199 2337 rit,
226 2245 382 2343 inquieta
396 2246 551 2321 bellonae
567 2248 665 2324 furiis
679 2269 867 2347 tempora,
901 2251 938 2325 &

127 2341 323 2438 expeiiato
340 2347 446 2418 citius
462 2349 629 2445 ingruens
645 2344 779 2440 fatum,
801 2371 875 2420 non
895 2346 938 2420 sl·

131 2460 274 2512 verunt.
327 2441 503 2542 Legimus
521 2444 667 2542 quidem
688 2445 860 2518 incitatis
883 2445 939 2518 su·

129 2539 250 2630 perius
271 2539 476 2636 postulatis,
517 2540 685 2617 Articulo
702 2541 832 2615 LXll.
853 2567 936 2617 cnu-

119 2634 231 2725 ἰωῇ,
254 2653 293 2708 ut
309 2632 492 2711 Acadimiae
509 2640 712 2712 Bibliotheca
720 2643 755 2710 in
766 2639 938 2738 catalogos

130 2736 345 2828 redigeretur,
373 2736 415 2818 &
439 2739 683 2831 Seockbolmenst
704 2742 804 2809 etiam
827 2724 969 2835 Regiael

136 2834 249 2902 melius
275 2833 514 2927 prospiceretur.
584 2832 786 2931 Quousque
814 2856 934 2912 autem
978 2870 981 2900 :

47 2923 50 2930 ’
116 2926 214 3019 hoc,
231 2927 425 3043 superstite
442 2930 959 3114 CiiROLO,tsilsouutipp5
